<record><leader>00000cas a2200000 a 4500</leader><controlfield tag="001">9979177</controlfield><controlfield tag="008">831004d19781981okumr ne      0   a0eng c</controlfield><datafield ind1=" " ind2=" " tag="010"><subfield code="a">sn 93050500 </subfield></datafield><datafield ind1=" " ind2=" " tag="040"><subfield code="a">WIH</subfield><subfield code="b">eng</subfield><subfield code="c">WIH</subfield><subfield code="d">WIH</subfield><subfield code="d">ANU</subfield><subfield code="d">OBN</subfield><subfield code="d">OCL</subfield><subfield code="d">NYS</subfield><subfield code="d">OCLCQ</subfield><subfield code="d">OCLCO</subfield></datafield><datafield ind1=" " ind2=" " tag="042"><subfield code="a">pcc</subfield></datafield><datafield ind1=" " ind2=" " tag="043"><subfield code="a">n-us-ok</subfield></datafield><datafield ind1="0" ind2=" " tag="130"><subfield code="a">Bishinik (Durant, Okla. : 1978)</subfield></datafield><datafield ind1="1" ind2="0" tag="245"><subfield code="a">Bishinik.</subfield></datafield><datafield ind1=" " ind2=" " tag="260"><subfield code="a">Durant, OK :</subfield><subfield code="b">Choctaw Nation of Oklahoma</subfield></datafield><datafield ind1=" " ind2=" " tag="300"><subfield code="a">v. ;</subfield><subfield code="c">41 cm.</subfield></datafield><datafield ind1=" " ind2=" " tag="310"><subfield code="a">Monthly</subfield></datafield><datafield ind1="0" ind2=" " tag="362"><subfield code="a">-v. 4, no. 2 (0ct. 1981).</subfield></datafield><datafield ind1=" " ind2=" " tag="588"><subfield code="a">Description based on: Vol. 1, no. 2 (July 1978).</subfield></datafield><datafield ind1=" " ind2="0" tag="650"><subfield code="a">Choctaw Indians</subfield><subfield code="z">Oklahoma</subfield><subfield code="v">Newspapers.</subfield></datafield><datafield ind1=" " ind2="0" tag="650"><subfield code="a">Indians of North America</subfield><subfield code="z">Oklahoma</subfield><subfield code="v">Newspapers.</subfield></datafield><datafield ind1=" " ind2="0" tag="650"><subfield code="a">Choctaw Nation</subfield><subfield code="z">Oklahoma</subfield><subfield code="v">Newspapers.</subfield></datafield><datafield ind1=" " ind2="0" tag="651"><subfield code="a">Durant (Okla.)</subfield><subfield code="v">Newspapers.</subfield></datafield><datafield ind1=" " ind2="0" tag="651"><subfield code="a">Bryan County (Okla.)</subfield><subfield code="v">Newspapers.</subfield></datafield><datafield ind1=" " ind2=" " tag="752"><subfield code="a">United States</subfield><subfield code="b">Oklahoma</subfield><subfield code="c">Bryan</subfield><subfield code="d">Durant.</subfield></datafield><datafield ind1="0" ind2="0" tag="785"><subfield code="t">Bishinik (Durant, Okla. : 1983)</subfield><subfield code="w">(DLC)sn 93050493</subfield><subfield code="w">(OCoLC)28288034</subfield></datafield></record>